<?xml version="1.0" encoding="UTF-8"?><collection xmlns="http://www.loc.gov/MARC21/slim"><record><leader>00758nam--2200193-i-4500</leader><controlfield tag="001">000023992</controlfield><controlfield tag="002">20161230</controlfield><controlfield tag="005">20161230201035</controlfield><controlfield tag="008">060222s1000------------r-----000-0-eng-d</controlfield><datafield ind1=" " ind2=" " tag="040"><subfield code="a">IFIN-HH</subfield></datafield><datafield ind1=" " ind2=" " tag="080"><subfield code="a">621.375.826(061.3)</subfield></datafield><datafield ind1="1" ind2=" " tag="100"><subfield code="a">Jacobs, St.F</subfield></datafield><datafield ind1="1" ind2="0" tag="245"><subfield code="a">Free-electron generators of coherent radiation</subfield><subfield code="b">Based on lectures of the office of naval research sponsored workshop, aug.13-17, 1979, telluride, colorado</subfield><subfield code="c">STEPHEN F. JACOBS, HERSCHEL S. PILLOFF, MURRAY SARGENT III, MARLAN O. SCULLY, RICHARD SPITZER (Eds.)</subfield></datafield><datafield ind1=" " ind2=" " tag="260"><subfield code="a">TOKYO</subfield><subfield code="b">Addison-wesley Publishing Company</subfield><subfield code="c">1980</subfield></datafield><datafield ind1=" " ind2=" " tag="300"><subfield code="a">XIX + 813 P</subfield></datafield><datafield ind1=" " ind2=" " tag="490"><subfield code="a">Physics Of Quantum Electronics</subfield><subfield code="v">Vol. 7</subfield></datafield><datafield ind1="1" ind2=" " tag="700"><subfield code="a">Spitzer, R</subfield><subfield code="e">ed</subfield></datafield><datafield ind1=" " ind2=" " tag="852"><subfield code="a">42857</subfield><subfield code="c">621.375.9</subfield></datafield><datafield ind1=" " ind2=" " tag="CAT"><subfield code="a">Sys</subfield><subfield code="c">20101014</subfield><subfield code="h">122210</subfield></datafield></record></collection>